<?xml version="1.0" encoding="UTF-8"?><collection xmlns="http://www.loc.gov/MARC21/slim"><record><leader>00666nam--2200193-i-4500</leader><controlfield tag="001">000016504</controlfield><controlfield tag="002">20161230</controlfield><controlfield tag="005">20161230201031</controlfield><controlfield tag="008">060222s1000------------r-----000-0-eng-d</controlfield><datafield ind1=" " ind2=" " tag="040"><subfield code="a">IFIN-HH</subfield></datafield><datafield ind1=" " ind2=" " tag="080"><subfield code="a">538.9:519.876.5(061.3)</subfield></datafield><datafield ind1="1" ind2=" " tag="100"><subfield code="a">Landau, D.P</subfield></datafield><datafield ind1="1" ind2="0" tag="245"><subfield code="a">Computer simulation studies in condensed-matter physics iv</subfield><subfield code="b">Proceedings of the fourth workshop athens, ga, sua, february 18-22, 1991</subfield><subfield code="c">D.p. landau, k.k. mon, h.-b. schuttler (eds.)</subfield></datafield><datafield ind1=" " ind2=" " tag="260"><subfield code="a">Berlin</subfield><subfield code="b">Springer-verlag</subfield><subfield code="c">1993</subfield></datafield><datafield ind1=" " ind2=" " tag="300"><subfield code="a">VIII + 215 P</subfield></datafield><datafield ind1=" " ind2=" " tag="490"><subfield code="a">Springer Proceedings In Physics. Vol.72</subfield></datafield><datafield ind1="1" ind2=" " tag="700"><subfield code="a">Schutter, H.-b</subfield><subfield code="e">Ed</subfield></datafield><datafield ind1=" " ind2=" " tag="852"><subfield code="a">78675</subfield><subfield code="c">53</subfield></datafield><datafield ind1=" " ind2=" " tag="CAT"><subfield code="a">Sys</subfield><subfield code="c">20150814</subfield><subfield code="h">123514</subfield></datafield></record></collection>